<?xml version="1.0" encoding="UTF-8"?><collection xmlns="http://www.loc.gov/MARC21/slim"><record><leader>00590nam--2200181-i-4500</leader><controlfield tag="001">000018917</controlfield><controlfield tag="002">20161230</controlfield><controlfield tag="005">20161230201032</controlfield><controlfield tag="008">060222s1000------------r-----000-0-eng-d</controlfield><datafield ind1=" " ind2=" " tag="040"><subfield code="a">IFIN-HH</subfield></datafield><datafield ind1=" " ind2=" " tag="080"><subfield code="a">539</subfield></datafield><datafield ind1="1" ind2=" " tag="100"><subfield code="a">Feinberg, J.G</subfield></datafield><datafield ind1="1" ind2="0" tag="245"><subfield code="a">The story of atomic theory and atomic energy</subfield><subfield code="b">Formerly titled : the atom story.with illustrations by lewis and a foreword by frederick soddy</subfield><subfield code="c">J.g. feinberg</subfield></datafield><datafield ind1=" " ind2=" " tag="260"><subfield code="a">New York</subfield><subfield code="b">Dover Publications, Inc</subfield><subfield code="c">1960</subfield></datafield><datafield ind1=" " ind2=" " tag="300"><subfield code="a">VII + 263 P</subfield></datafield><datafield ind1=" " ind2=" " tag="490"><subfield code="a">Dover Boks Explaining Science</subfield></datafield><datafield ind1=" " ind2=" " tag="852"><subfield code="a">25184</subfield><subfield code="c">539</subfield></datafield><datafield ind1=" " ind2=" " tag="CAT"><subfield code="a">Sys</subfield><subfield code="c">20111003</subfield><subfield code="h">165421</subfield></datafield></record></collection>